@ARTICLE{Goal,
  author = {Axel van Lamsweerde},
  title = {Goal-Oriented Requirements Engineering: A Guided Tour},
  year = "2001",
}

@ARTICLE{Specifying,
  author = {KATHRYN L. HENINGER},
  title = {Specifying Software Requirements for Complex Systems: New Techniques and Their Application},
  year = "1980",
  month = "January",
  journal = "IEEE TRANSACTIONS ON SOFTWARE ENGINEERING",
  volume = "1",
}

@ARTICLE{Task,
  author = {Søren Lauesen},
  title = {Task Descriptions as Functional Requirements},
  year = "2003",
  month = "March",
}

@ARTICLE{Task2,
  author = {Søren Lauesen},
  title = {Task Descriptions versus Use Cases},
  year = "2012",
  month = "November",
  journal = {Requirements Engineering},
  volume = "17",
  pages = "3-18",
}

@misc{templte,
    %author    = "",
    %title     = "",
    %howpublished = "",
    %year     = "XXXX",
    %month    = "",
    %note     = "",
}